<record><leader>00000cas a22000007a 4500</leader><controlfield tag="001">32305718</controlfield><controlfield tag="008">950414d18441844nyuwr ne      0    0eng d</controlfield><datafield ind1=" " ind2=" " tag="010"><subfield code="a">sn 95066097 </subfield></datafield><datafield ind1=" " ind2=" " tag="040"><subfield code="a">NVF</subfield><subfield code="b">eng</subfield><subfield code="c">NVF</subfield><subfield code="d">OCL</subfield><subfield code="d">OCLCQ</subfield><subfield code="d">OCLCG</subfield><subfield code="d">OCLCQ</subfield><subfield code="d">OCLCO</subfield></datafield><datafield ind1=" " ind2=" " tag="042"><subfield code="a">msc</subfield></datafield><datafield ind1=" " ind2=" " tag="043"><subfield code="a">n-us---</subfield></datafield><datafield ind1="0" ind2=" " tag="130"><subfield code="a">Mill boy (Hamilton, N.Y.)</subfield></datafield><datafield ind1="1" ind2="4" tag="245"><subfield code="a">The mill boy.</subfield></datafield><datafield ind1=" " ind2=" " tag="260"><subfield code="a">Hamilton [N.Y.] :</subfield><subfield code="b">J. &amp; D. Atwood</subfield></datafield><datafield ind1=" " ind2=" " tag="300"><subfield code="a">v.</subfield></datafield><datafield ind1=" " ind2=" " tag="310"><subfield code="a">Weekly</subfield></datafield><datafield ind1="1" ind2=" " tag="362"><subfield code="a">Began in 1844; ceased in 1844.</subfield></datafield><datafield ind1=" " ind2=" " tag="500"><subfield code="a">Newspaper for the presidential campaign of Henry Clay in the election of 1844.</subfield></datafield><datafield ind1=" " ind2=" " tag="588"><subfield code="a">Description based on: No. 6 (July 30, 1844).</subfield></datafield><datafield ind1="1" ind2="0" tag="600"><subfield code="a">Clay, Henry,</subfield><subfield code="d">1777-1852</subfield><subfield code="v">Newspapers.</subfield></datafield><datafield ind1="2" ind2="0" tag="610"><subfield code="a">Whig Party (N.Y.)</subfield><subfield code="v">Newspapers.</subfield></datafield><datafield ind1=" " ind2="0" tag="650"><subfield code="a">Campaign literature, 1844</subfield><subfield code="x">Whig</subfield><subfield code="z">United States</subfield><subfield code="v">Newspapers.</subfield></datafield><datafield ind1=" " ind2="0" tag="650"><subfield code="a">Presidential candidates</subfield><subfield code="z">United States</subfield><subfield code="v">Newspapers.</subfield></datafield><datafield ind1=" " ind2=" " tag="752"><subfield code="a">United States</subfield><subfield code="b">New York</subfield><subfield code="c">Madison</subfield><subfield code="d">Hamilton.</subfield></datafield></record>